@misc{ webkit:home,
	author = "WebKit",
	title = "The {W}eb{K}it {O}pen {S}ource {P}roject",
	year = "2010",
	howpublished = "\url{http://webkit.org}"
}

@misc{ libresoft:tools,
	author = "LibreSoft",
	title = "start [{GS}y{C}/{L}ibre{S}oft tools]",
	year = "2010",
	howpublished = "\url{http://tools.libresoft.es/}"
}

@Manual{r:citation,
	title = {R: A Language and Environment for Statistical Computing},
	author = {{R Development Core Team}},
	organization = {R Foundation for Statistical Computing},
	address = {Vienna, Austria},
	year = {2009},
	note = {{ISBN} 3-900051-07-0},
	howpublished = "\url{http://www.R-project.org}"
}
