@misc{ xatakamovil:symbian,
	author = "Xatakamovil",
	title = "Fundaci\'on {S}ymbian -- {X}atakamovil",
	year = "2008",
	howpublished = "\url{http://www.xatakamovil.com/sistemas-operativos/fundacion-symbian}",
	note = "[Online; accessed 04-January-2010]"
 }

@misc{ symbian:old-members,
	author = "Symbian {F}oundation",
	title = "Important dates in {S}ymbian History -- {S}ymbian",
	year = "20120",
	howpublished = "\url{http://www.symbian.org/about-us/history-symbian}",
	note = "[Online; accessed 05-January-2010]"
}

@misc{ symbian:current-members,
	author = "Symbian {F}oundation",
	title = "Member {D}irectory -- {S}ymbian",
	year = "2010",
	howpublished = "\url{http://www.symbian.org/members/member-directory}",
	note = "[Online; accessed 05-January-2010]"
}

@misc{ wiki:symbian,
   author = "Wikipedia",
   title = "Symbian {OS} -- {W}ikipedia{,} The Free Encyclopedia",
   year = "2009",
   howpublished = "\url{http://en.wikipedia.org/wiki/Symbian_OS}",
   note = "[Online; accessed 04-January-2010]"
 }

@misc{ symbian:developing,
	author = "Symbian",
	title = "Symbian developer community",
	year = "2009",
	howpublished = "\url{http://developer.symbian.org/}",
	note = "[Online; accessed 05-January-2010]"
}

@misc{ symbian:license,
	author = "Symbian",
	title = "Symbian {FAQ}s -- {S}ymbian",
	year = "2009",
	howpublished = "\url{http://www.symbian.org/about-us/symbian-faqs}",
	note = "[Online; accessed 05-January-2010]"
}

@misc{ android:fragmentation,
   author = "Android",
   title = "Platform {V}ersions -- {A}ndroid {D}evelopers",
   year = "2010",
   howpublished = "\url{http://developer.android.com/resources/dashboard/platform-versions.html}",
   note = "[Online; accessed 05-January-2010]"
 }

@misc{ android:members,
	author = "Wikipedia",
	title = "Open {H}andset {A}lliance -- {W}ikipedia{,} The Free Encyclopedia",
	year = "2009",
	howpublished = "\url{http://en.wikipedia.org/wiki/Open_Handset_Alliance#Members}",
	note = "[Online; accessed 04-January-2010]"
}

@misc{ android:whatis,
	author = "Android",
	title = "What is Android? -- {A}ndroid {D}evelopers",
	year = "2010",
	howpublished = "\url{http://developer.android.com/guide/basics/what-is-android.html}",
	note = "[Online; accessed 05-January-2010]"
}

@misc{ android:license,
	author = "Android",
	title = "Licenses ({A}ndroid {O}pen {S}ource {P}roject)",
	year = "2010",
	howpublished = "\url{http://source.android.com/license}",
	note = "[Online; accessed 05-January-2010]"
}

@misc{ android:developing,
	author = "Android",
	title = "Application {F}undamentals -- {A}ndroid {D}evelopers",
	year = "2010",
	howpublished = "\url{http://developer.android.com/guide/topics/fundamentals.html}",
	note = "[Online; accessed 05-January-2010]"
}

@misc{ android:java,
	author = "Wikipedia",
	title = "Android (operating system) -- {W}ikipedia{,} The Free Encyclopedia",
	year = "2010",
	howpublished = "\url{http://en.wikipedia.org/wiki/Android_%28operating_system%29#Restrictions_and_issues}",
	note = "[Online; accessed 05-January-2010]"
}

@misc{ wiki:WebOS,
	author = "Wikipedia",
	title = "web{OS} -- {W}ikipedia{,} The Free Encyclopedia",
	year = "2009",
	howpublished = "\url{http://en.wikipedia.org/wiki/WebOS}",
	note = "[Online; accessed 04-January-2010]"
}

@misc{ WebOS:OSS,
	author = "Palm",
	title = "Welcome to opensource.palm.com -- {P}alm",
	year = "2009",
	howpublished = "\url{http://opensource.palm.com}",
	note = "[Online; accessed 05-January-2010]"
}

@misc{ WebOS:developing,
	author = "Palm",
	title = "Welcome to web{OS}dev -- {P}alm",
	year = "2009",
	howpublished = "\url{http://developer.palm.com/}",
	note = "[Online; accessed 05-January-2010]"
}

@misc{ WebOS:architecture,
	author = "Palm",
	title = "Palm web{OS} {A}rchitecture -- web{OS}dev -- {P}alm",
	year = "2009",
	howpublished = "\url{http://developer.palm.com/index.php?option=com_content&view=article&id=1570}",
	note = "[Online; accessed 05-January-2010]"
}

@misc{ market:admob,
	author = "AdMob",
	title = "Ad{M}ob {M}etrics",
	year = "2010",
	howpublished = "\url{http://metrics.admob.com/}",
	note = "[Online; accessed 05-January-2010]"
}

@misc{ market:gartner,
	author = "Gartner",
	title = "Gartner {S}ays {W}orldwide {S}martphone {S}ales {R}eached {I}ts {L}owest {G}rowth {R}ate {W}ith 3.7 {P}er {C}ent {I}ncrease in {F}ourth {Q}uarter of 2008",
	year = "2008",
	howpublished = "\url{http://www.gartner.com/it/page.jsp?id=910112}",
	note = "[Online; accessed 05-January-2010]"
}

@misc{ market:canalys1,
	author = "AppleInsider",
	title = "Canalys: i{P}hone outsold all {W}indows {M}obile phones in {Q}2 2009",
	year = "2009",
	howpublished = "\url{http://www.appleinsider.com/articles/09/08/21/canalys_iphone_outsold_all_windows_mobile_phones_in_q2_2009.html}",
	note = "[Online; accessed 05-January-2010]"
}

@misc{ market:canalys2,
	author = "AppleInsider",
	title = "Canalys {Q}3 2009: i{P}hone{,} {RIM} taking over smartphone market",
	year = "2009",
	howpublished = "\url{http://www.appleinsider.com/articles/09/11/03/canalys_q3_2009_iphone_rim_taking_over_smartphone_market.html}",
	note = "[Online; accessed 05-January-2010]"
}

@misc{ bada:goal,
	author = "bada",
	title = "bada {D}evelopers",
	year = "2010",
	howpublished = "\url{http://developer.bada.com/apis/docs/commonpage.do?menu=MC01140100}",
	note = "[Online; accessed 05-January-2010]" 
}

@misc{ bada:press,
	author = "Linux Magazine",
	title = "Bada: {N}ew {M}obile {P}latform from {S}amsung -- {L}inux {M}agazine {O}nline",
	year = "2009",
	howpublished = "\url{http://www.linux-magazine.com/Online/News/Bada-New-Mobile-Platform-from-Samsung}",
	note = "[Online; accessed 05-January-2010]"
}

@misc{ wiki:darwin,
	author = "Wikipedia",
	title = "Darwin (operating system) -- {W}ikipedia{,} The Free Encyclopedia",
	year = "2009",
	howpublished = "\url{http://en.wikipedia.org/wiki/Apple_Darwin#History}",
	note = "[Online; accessed 04-January-2010]"
}

@misc{ wiki:iphoneOSLicensing,
	author = "Wikipedia",
	title = "i{P}hone {OS} -- {W}ikipedia{,} The Free Encyclopedia",
	year = "2009",
	howpublished = "\url{http://en.wikipedia.org/wiki/IPhone_OS#Licensing}",
	note = "[Online; accessed 04-January-2010]"
}

@misc{ iphoneOS:NDAreleased,
	author = "AppleInsider",
	title = "{A}pple{I}nsider | {A}pple releases portions of i{P}hone {SDK} from {NDA} limits",
	year = "2008",
	howpublished = "\url{http://www.appleinsider.com/articles/08/10/24/apple_releases_portions_of_iphone_sdk_from_nda_limits.html}",
	note = "[Online; accessed 04-January-2010]"
}

@misc{ iphoneOS:NDA,
	author = "diveintomark.org",
	title = "Can {GPL} i{P}hone apps exist? [dive into mark]",
	year = "2009",
	howpublished = "\url{http://diveintomark.org/archives/2008/03/07/iphone-gpl}",
	note = "[Online; accessed 04-January-2010]"
}

@misc{ iphoneOS:GPLv3a,
	author = "plasmasturm.org",
	title = "On i{P}hone {GPL} software and {J}ohn {G}ruber's dismissal of the {FSF}'s claims about the {A}pp {S}tore -- plasmasturm.org",
	year = "2008",
	howpublished = "\url{http://plasmasturm.org/log/512}",
	note = "[Online; accessed 04-January-2010]"
}

@misc{ iphoneOS:GPLv3b,
	author = "{M}y other {OS} is {U}buntu",
	title = "{A}pple {A}pp {S}tore falls foul of {GPL}",
	year = "2008",
	howpublished = "\url{http://www.pcauthority.com.au/BlogEntry/117813,apple-app-store-falls-foul-of-gpl.aspx}",
	note = "[Online; accessed 04-January-2010]"
}

@misc{ iphoneOS:LA,
	author = "Apple",
	title = "i{P}hone {D}eveloper {P}rogram -- {A}pple {D}eveloper {C}onnection",
	year = "2010",
	howpublished = "\url{http://developer.apple.com/iphone/program/}",
	note = "[Online; accessed 04-January-2010]"
}

@misc{ maemo:about,
	author = "Maemo",
	title = "maemo.org -- {I}ntro: {T}he {H}ome of the {M}aemo {C}ommunity",
	year = "2010",
	howpublished = "\url{http://maemo.org/intro/}",
	note = "[Online; accessed 05-January-2010]"
}

@misc{ maemo:roadmap,
	author = "Nokia",
	title = "Nokia {K}eynotes on {S}ep 2 -- {O}lli-{P}ekka {K}allasvuo and {A}nssi {V}anjoki",
	year = "2009",
	howpublished = "\url{http://webcast.nokia.com/CCUIv3/frameset.aspx?ticket=678-750-7790&target=en-default-&status=ondemand&browser=ns-0-0-0-10-0&stream=flash-video-500}",
	note = "[Offline, linked from {W}ikipedia; accessed 05-January-2010]"
}

@misc{ maemo:mer,
	author = "Maemo",
	title = "Mer -- maemo.org wiki",
	year = "2009",
	howpublished = "\url{http://wiki.maemo.org/Mer}",
	note = "[Online; accessed 05-January-2010]"
}

@misc{ ofono:about,
	author = "oFono",
	title = "About ofono",
	year = "2009",
	howpublished = "\url{http://ofono.org/about}",
	note = "[Online; accessed 05-January-2010]"
}

@misc{ ofono:sponsors,
	author = "oFono",
	title = "oFono",
	year = "2009",
	howpublished = "\url{http://ofono.org/}",
	note = "[Online; accessed 05-January-2010]"
}

@misc{ moblin:about,
	author = "moblin.org",
	title = "About Moblin -- moblin.org",
	year = "2009",
	howpublished = "\url{http://moblin.org/about-moblin}",
	note = "[Online; accessed 05-January-2010]"
}

@misc{ wiki:moblin,
	author = "Wikipedia",
	title = "Moblin -- {W}ikipedia{,} The Free Encyclopedia",
	year = "2009",
	howpublished = "\url{http://en.wikipedia.org/wiki/Moblin}",
	note = "[Online; accessed 05-January-2010]"
}

@misc{ wiki:openmoko,
	author = "Wikipedia",
	title = "Openmoko -- {W}ikipedia{,} The Free Encyclopedia",
	year = "2009",
	howpublished = "\url{http://en.wikipedia.org/wiki/Openmoko}",
	note = "[Online; accessed 05-January-2010]"
}

@misc{ wiki:openmokoOS,
	author = "Wikipedia",
	title = "Openmoko {L}inux -- {W}ikipedia{,} The Free Encyclopedia",
	year = "2009",
	howpublished = "\url{http://en.wikipedia.org/wiki/Openmoko_Linux}",
	note = "[Online; accessed 05-January-2010]"
}

@misc{ openmoko:about,
	author = "Openmoko",
	title = "Why {O}penmoko -- Openmoko",
	year = "2008",
	howpublished = "\url{http://wiki.openmoko.org/wiki/Why_Openmoko}",
	note = "[Online; accessed 05-January-2010]"
}

@misc{ slashdot:openmoko,
	author = "Slashdot",
	title = "Slashdot -- {N}o {M}ore {O}pen {M}oko {P}hone",
	year = "2009",
	howpublished = "\url{http://mobile.slashdot.org/article.pl?sid=09/04/04/228240}",
	note = "[Online; accessed 05-January-2010]"
}

@misc{ wiki:limo,
	author = "Wikipedia",
	title = "Li{M}o {F}oundation -- {W}ikipedia{,} The Free Encyclopedia",
	year = "2009",
	howpublished = "\url{http://en.wikipedia.org/wiki/LiMo_Foundation}",
	note = "[Online; accessed 05-January-2010]"
}

@misc{ limo:faq,
	author = "LiMo",
	title = "Li{M}o {F}oundation -- {F}requently {A}sked {Q}uestions",
	year = "2009",
	howpublished = "\url{http://www.limofoundation.org/en/faqs.html}",
	note = "[Online; accessed 05-January-2010]"
}

@misc{ limo:architecture,
	author = "LiMo",
	title = "Li{M}o {F}oundation {D}eveloper {C}onnection -- {L}iMo {P}latform {A}rchitecture {O}verview",
	year = "2009",
	howpublished = "\url{http://developer.limofoundation.org/index.php/en/resources/articles/18-limo-platform-architecture-overview}",
	note = "[Online; accessed 05-January-2010]"
}

@misc{ mobilinux:about,
	author = "Montavista",	
	title = "Commercial {L}inux {D}evelopment for {W}ireless {H}andset and {M}obile {D}evices from {M}onta{V}ista",	
	year = "2010",
	howpublished = "\url{http://www.mobilinux.com/product_detail_mob.php}",
	note = "[Online; accessed 05-January-2010]"
}

@misc{ wiki:mobilinux,
	author = " Wikipedia",
	title = "Mobilinux -- {W}ikipedia{,} The Free Encyclopedia",
	year = "2009",
	howpublished = "\url{http://en.wikipedia.org/wiki/Mobilinux}",
	note = "[Online; accessd 05-January-2010]"
}
