@misc{ freedesktop:home,
	author = "freedesktop.org",
	title = "freedesktop.org - Home",
	year = "2010",
	howpublished = "\url{http://www.freedesktop.org/}"
}

@misc{ webkit:home,
	author = "WebKit",
	title = "The {W}eb{K}it {O}pen {S}ource {P}roject",
	year = "2010",
	howpublished = "\url{http://webkit.org}"
}

@misc{ flossmetrics:bm,
        author = "Flossmetrics",
        title = "FLOSS-based business models - SME Guide",
        year = "2009",
        howpublished = "\url{http://guide.flossmetrics.org/index.php/6._FLOSS-based_business_models}"
}

@misc{ libresoft:tools,
	author = "LibreSoft",
	title = "start [{GS}y{C}/{L}ibre{S}oft tools]",
	year = "2010",
	howpublished = "\url{http://tools.libresoft.es/}"
}

@misc{ moodle:libresoft_tools,
	author = "MASTER ON FREE SOFTWARE",
	title = "{P}RACTICAL {A}PPROACH: {A}NALYSING {L}IBRE {S}OFTWARE {C}OMMUNITIES",
	year = "2009",
	howpublished = "\url{http://gsyc.escet.urjc.es/moodle/mod/resource/view.php?id=2961}"
}

@misc{ melquiades:libresoft_tools,
	author = "Flossmetrics",
	title = "start [{M}elquiades {W}iki]",
	year = "2009",
	howpublished = "\url{http://melquiades.flossmetrics.org/wiki/doku.php}"
}

@misc{ wiki:webkit,
	author = "Wikipedia",
	title = "Web{K}it -- {W}ikipedia{,} The Free Encyclopedia",
	year = "2010",
	howpublished = "\url{http://en.wikipedia.org/wiki/WebKit}"
}

@misc{ businessmodel,
        author = "Sim\'on Pena",
        title = "e-{M}otion: {C}overing your mobility needs",
        year = "2010",
        howpublished = "\url{https://forge.morfeo-project.org/plugins/scmsvn/viewcvs.php/trunk/spenap/isl/business-model/?root=freeswmaster}"
}

@misc{ osmobile,
        author = "Sim\'on Pena",
        title = "{O}pen {S}ource {S}oftware \& {M}obile {D}evices",
        year = "2010",
        howpublished = "\url{https://forge.morfeo-project.org/plugins/scmsvn/viewcvs.php/trunk/spenap/isl/mobile-os/report/?root=freeswmaster}"        
}

@misc{ eogtraining,
        author = "Sim\'on Pena",
        title = "{E}ye of {G}nome - {M}ost {V}aluable {M}ember. A proyect preview",
        year = "2010",
        howpublished = "\url{https://forge.morfeo-project.org/plugins/scmsvn/viewcvs.php/trunk/spenap/dlsc/eog_exercise/beamer/?root=freeswmaster}"
}

@misc{ webkitreport,
        author = "Sim\'on Pena",
        title = "{W}eb{K}it {P}roject -- {A} {FLOSS} report",
        year = "2010",
        howpublished = "\url{https://forge.morfeo-project.org/plugins/scmsvn/viewcvs.php/trunk/spenap/dlsc/webkit_analysis/?root=freeswmaster}"
}
