@misc{ webkit:home,
	author = "WebKit",
	title = "The {W}eb{K}it {O}pen {S}ource {P}roject",
	year = "2010",
	howpublished = "\url{http://webkit.org}"
}

@misc{ flossmetrics:queries,
	author = "Flossmetrics",
	title = "queries [{M}elquiades {W}iki]",
	year = "2009",
	howpublished = "\url{http://melquiades.flossmetrics.org/wiki/doku.php?id=queries}"
}

@misc{ libresoft:tools,
	author = "LibreSoft",
	title = "start [{GS}y{C}/{L}ibre{S}oft tools]",
	year = "2010",
	howpublished = "\url{http://tools.libresoft.es/}"
}

@misc{ moodle:libresoft_tools,
	author = "MASTER ON FREE SOFTWARE",
	title = "{P}RACTICAL {A}PPROACH: {A}NALYSING {L}IBRE {S}OFTWARE {C}OMMUNITIES",
	year = "2009",
	howpublished = "\url{http://gsyc.escet.urjc.es/moodle/mod/resource/view.php?id=2961}"
}

@misc{ melquiades:libresoft_tools,
	author = "Flossmetrics",
	title = "start [{M}elquiades {W}iki]",
	year = "2009",
	howpublished = "\url{http://melquiades.flossmetrics.org/wiki/doku.php}"
}

@misc{ wiki:browser_usage,
	author = "Wikipedia",
	title = "Usage share of web browsers -- {W}ikipedia{,} The Free Encyclopedia",
	year = "2010",
	howpublished = "\url{http://en.wikipedia.org/wiki/Usage_share_of_web_browsers}"
}

@misc{ webkit:devcon,
	author = "Apple Developer Connection",
	title = "Open {S}ource -- {I}nternet \& {W}eb -- {W}eb{K}it",
	year = "2009",
	howpublished = "\url{http://developer.apple.com/opensource/internet/webkit.html}"
}

@misc{ wiki:webkit,
	author = "Wikipedia",
	title = "Web{K}it -- {W}ikipedia{,} The Free Encyclopedia",
	year = "2010",
	howpublished = "\url{http://en.wikipedia.org/wiki/WebKit}"
}

@misc{ webkit:goals,
	author = "WebKit",
	title = "The {W}eb{K}it {O}pen {S}ource {P}roject -- {W}eb{K}it {P}roject {G}oals",
	year = "2009",
	howpublished = "\url{http://webkit.org/projects/goals.html}"
}

@misc{ webkit:projects,
	author = "WebKit",
	title = "Applications using {W}eb{K}it -- {W}eb{K}it",
	year = "2010",
	howpublished = "\url{http://trac.webkit.org/wiki/Applications%20using%20WebKit}"
}

@misc{ webkit:gtkprojects,
	author = "WebKit",
	title = "Applications using {W}eb{K}it/{GTK}+ -- {W}eb{K}it",
	year = "2010",
	howpublished = "\url{http://trac.webkit.org/wiki/ApplicationsGtk}"
}

@misc { kde:release_mail,
	author = "Kde.org",
	title = "(fwd) {G}reetings from the {S}afari team at {A}pple {C}omputer",
	year = "2003",
	howpublished = "\url{http://lists.kde.org/?m=104197092318639}"
}

@Manual{r:citation,
	title = {R: A Language and Environment for Statistical Computing},
	author = {{R Development Core Team}},
	organization = {R Foundation for Statistical Computing},
	address = {Vienna, Austria},
	year = {2009},
	note = {{ISBN} 3-900051-07-0},
	url = {http://www.R-project.org},
}
